<record xmlns="http://www.loc.gov/MARC21/slim" xmlns:xsi="http://www.w3.org/2001/XMLSchema-instance" xsi:schemaLocation="http://www.loc.gov/MARC21/slim http://www.loc.gov/standards/marcxml/schema/MARC21slim.xsd"><leader>     nam a22        4500</leader><controlfield tag="001">3233814</controlfield><controlfield tag="003">NNC</controlfield><controlfield tag="006">m        d        </controlfield><controlfield tag="007">cr cn |||m|||a</controlfield><controlfield tag="008">150313s1914    ua      o     000 0 araod</controlfield><datafield ind1=" " ind2=" " tag="040"><subfield code="a">NNU</subfield><subfield code="b">eng</subfield><subfield code="e">rda</subfield><subfield code="c">NNU</subfield></datafield><datafield ind1="0" ind2=" " tag="100"><subfield code="a">Avicenna,</subfield><subfield code="d">980-1037.</subfield></datafield><datafield ind1="1" ind2="0" tag="245"><subfield code="a">Asba&#772;b h&#803;udu&#772;th al-h&#803;uru&#772;f /</subfield><subfield code="c">tas&#803;ni&#772;f al-ra&#700;i&#772;s Abi&#772; &#699;Ali&#772; al-H&#803;usayn ibn Si&#772;na&#772; ; nasakhahu wa-s&#803;ah&#803;h&#803;ah&#803;ahu wa-waqafa &#699;ala&#769; t&#803;ab&#699;ih Muh&#803;ibb al-Di&#772;n al-Khat&#803;i&#772;b.</subfield></datafield><datafield ind1=" " ind2=" " tag="260"><subfield code="a">al-Qa&#772;hirah :</subfield><subfield code="b">Mat&#803;ba&#699;at al-Mu&#700;ayyad,</subfield><subfield code="c">1332 H. [1914]</subfield></datafield><datafield ind1=" " ind2=" " tag="300"><subfield code="a">online resource (20 pages)</subfield></datafield><datafield ind1=" " ind2=" " tag="336"><subfield code="a">text</subfield><subfield code="2">rdacontent</subfield></datafield><datafield ind1=" " ind2=" " tag="337"><subfield code="a">computer</subfield><subfield code="2">rdamedia</subfield></datafield><datafield ind1=" " ind2=" " tag="338"><subfield code="a">online resource</subfield><subfield code="2">rdacarrier</subfield></datafield><datafield ind1=" " ind2=" " tag="500"><subfield code="a">Part of the Arabic Collections Online (ACO) project, contributed by Columbia University Libraries.</subfield></datafield><datafield ind1=" " ind2=" " tag="533"><subfield code="a">Electronic reproduction.</subfield><subfield code="b">New York, N.Y. :</subfield><subfield code="c">New York University,</subfield><subfield code="d">2015.</subfield><subfield code="5">NNU</subfield></datafield><datafield ind1=" " ind2="0" tag="650"><subfield code="a">Arabic language</subfield><subfield code="x">Phonetics.</subfield></datafield><datafield ind1=" " ind2="7" tag="650"><subfield code="a">Arabic language</subfield><subfield code="x">Phonetics.</subfield><subfield code="2">fast</subfield><subfield code="0">(OCoLC)fst00812399</subfield></datafield><datafield ind1="1" ind2=" " tag="700"><subfield code="a">Khat&#803;i&#772;b, Muh&#803;ibb al-Di&#772;n.</subfield></datafield><datafield ind1="2" ind2=" " tag="710"><subfield code="a">Columbia University.</subfield><subfield code="b">Libraries.</subfield></datafield><datafield ind1="0" ind2=" " tag="730"><subfield code="a">Arabic Collections Online.</subfield></datafield><datafield ind1="0" ind2="8" tag="776"><subfield code="i">Print version:</subfield><subfield code="a">Avicenna, 980-1037.</subfield><subfield code="t">Asba&#772;b h&#803;udu&#772;th al-h&#803;uru&#772;f</subfield><subfield code="w">(NNC)3233814</subfield><subfield code="w">(OCoLC)40975777</subfield></datafield><datafield ind1="4" ind2="0" tag="856"><subfield code="u">http://hdl.handle.net/2333.1/6m905sts</subfield></datafield><datafield ind1=" " ind2=" " tag="959"><subfield code="a">NNU</subfield><subfield code="b">WEB</subfield><subfield code="c">GENI</subfield><subfield code="t">0</subfield><subfield code="m">Electronic access</subfield><subfield code="s">01</subfield></datafield><datafield ind1=" " ind2=" " tag="999"><subfield code="i">NNC_3233814</subfield><subfield code="o">(OCoLC)ocm40975777 </subfield><subfield code="s">columbia_aco000519</subfield><subfield code="e">(ERROR-880)</subfield></datafield></record>